@Article{Pandis:2010,
  author = {Pandis, Ippokratis and 
            Johnson, Ryan and 
            Hardavellas, Nikos and 
            Ailamaki, Anastasia},
  title = {Data-Oriented Transaction Execution},
  journaltitle = {Proceedings of the VLDB Endowment},
  date = {2010-09},
  editor = {Bertino, Elisa and 
            Atzeni, Paolo and 
            Tan, Kian Lee and 
            Chen, Yi and 
            Tay, Y. C.},
  editortype = {editor},
  issuetitle = {Proceedings of the 41st International Conference on Very 
               Large Data Bases},
  language = {langenglish},
  series = {Proceedings of the VLDB Endowment},
  volume = {3},
  number = {1-2},
  pages = {928--939},
  issn = {2150-8097},
  doi = {10.14778/1920841.1920959},
  url = {http://www.vldb.org/pvldb/vldb2010/papers/R83.pdf},
  urldate = {2018-05-22}
}

@Article{Porobic:2012,
  author = {Porobic, Danica and
  	Pandis, Ippokratis and
	Branco, Miguel and
	Tözün, 	Pınar and
	Ailamaki, Anastasia},
  title = {OLTP on Hardware Islands},
  journaltitle = {Proceedings of the VLDB Endowment},
  date = {2012-07},
  editor = {Ozsoyoglu, Z. Meral and 
            Jagadish, H. V.},
  editortype = {editor},
  issuetitle = {Proceedings of the 43st International Conference on Very 
               Large Data Bases},
  language = {langenglish},
  series = {Proceedings of the VLDB Endowment},
  volume = {5},
  number = {11},
  pages = {1447--1458},
  issn = {2150-8097},
  doi = {10.14778/2350229.2350260},
  url = {http://vldb.org/pvldb/vol5/p1447_danicaporobic_vldb2012.pdf},
  urldate = {2018-05-25}
}

@Online{EntHDD,
   title = {Enterprise-Festplatten: 36 High-Performance-Festplatten im Vergleichstest},
   date = {2013-10-02},
   url = {http://www.tomshardware.de/enterprise-hdd-sshd,testberichte-241390-6.html},
   language = {langgerman},
   organization = {Tom’s Guides Publishing GmbH},
   urldate = {2017-02-08},
   label = {Tom}
}

@Article{samsung:ssdprimer,
	institution = {SAMSUNG},
	date = {2015-08},
	title = {Why SSDs Are Awesome - An SSD Primer},
	language = {langenglish},
	url = {http://www.samsung.com/global/business/semiconductor/minisite/SSD/M2M/download/01_Why_SSDs_Are_Awesome.pdf},
	urldate = {2017-01-19},
	label = {Sam}
}

@Online{7cpu:skylake,
	author = {Pavlov, Igor},
	title = {Intel Skylake},
	language = {langenglish},
	urldate = {2017-01-19},
	url = {http://www.7-cpu.com/cpu/Skylake.html}
}

@Online{HDD2016,
   title = {Seagates Speicherriese ist schnell und sehr sparsam},
   date = {2016-08-16},
   url = {https://www.computerbase.de/2016-08/seagate-enterprise-capacity-3.5-hdd-10tb-test/3/#diagramm-zugriffszeiten-lesen-h2benchw-316},
   language = {langgerman},
   organization = {ComputerBase GmbH},
   urldate = {2017-02-08},
   label = {Sea}
}
